@misc{adamson_2023,
  author = {Adamson, Adrian },
  month = {09},
  title = {Blue Raven User's Guide},
  howpublished = {\url{https://www.apogeerockets.com/downloads/PDFs/09170-blue_raven_users_manual_september_15.pdf}},
  urldate = {2024-04-04},
  year = {2023}
}

@inproceedings{pioneer-rocketry,
  title={Pioneer Rocketry-2016 Midwest Rocket Competition},
  author={Ellenberger, Jake},
  booktitle={Proceedings of the Wisconsin Space Conference},
  year={2016}
}

@article{kalman-introduction,
  title={An introduction to the Kalman filter},
  author={Welch, Greg and Bishop, Gary and others},
  year={1995},
  publisher={Chapel Hill, NC, USA}
}

@article{kalman1960,
  title={A new approach to linear filtering and prediction problems},
  author={Kalman, Rudolph Emil},
  year={1960}
}

@inproceedings{uORocketry,
  title={An Autonomous Air Braking System for Precision Altitude Control},
  author={Furman, Zach and Beebe, Giles and Bjerknes, Finn and Montgomery, Daniel},
  booktitle={2019 Spaceport America Cup Conference Podium Presentations},
  year={2019}
}

@inproceedings{NTNU,
  title={Apogee Precision With Airbrake Control and SRAD Rocket Simulator},
  author={Dragesund, H and Haddal, T and Holmqvist, P and L{\o}vik, H and Rydningen, E and Sunde, M and Tapley, B and Winter, T},
  booktitle={2019 Spaceport America Cup Conference Podium Presentations},
  year={2019},
}

@article{kalman-apogee,
  title={Application of the Kalman filter to rocket apogee detection},
  author={Schultz, David W},
  journal={NAR Research and Development Report},
  year={2004}
}

@misc{adamson_2023,
  author = {Adamson, Adrian },
  month = {09},
  title = {Blue Raven User's Guide},
  howpublished = {\url{https://www.apogeerockets.com/downloads/PDFs/09170-blue_raven_users_manual_september_15.pdf}},
  urldate = {2024-04-04},
  year = {2023}
}
