@unpublished{avionics,
  author = {Benjamin Wilsmore and Hugo Begg and William Houlahan},
  title = {Avionics Ground Communications and Redundant Systems},
  institution = {RMIT University},
  year = {2024},
  note = {unpublished},
}

@unpublished{payload,
  author = {Aiden , Contini and Jordan , Si Tu and Joshua , Stevens and Ethan , Perry},
  title = {Payload Electronics},
  institution = {RMIT University},
  year = {2024},
  note = {unpublished},
}

@inproceedings{Diao2013,
  author = {Diao, Zhanlin and Quan, Haiyang and Lan, Lidong and Han, Yifei},
  year = {2013},
  month = {12},
  pages = {592-596},
  title = {Analysis and compensation of MEMS gyroscope drift},
  isbn = {978-1-4673-5222-2},
  doi = {10.1109/ICSensT.2013.6727722}
}

@article{Pang2001,
  title={Evaluation of a low-cost MEMS accelerometer for distance measurement},
  author={Pang, Grantham and Liu, Hugh},
  journal={Journal of Intelligent and Robotic Systems},
  volume={30},
  pages={249--265},
  year={2001},
  publisher={Springer}
}

@article{Hemingway2018,
  title={Perspectives on Euler angle singularities, gimbal lock, and the orthogonality of applied forces and applied moments},
  author={Hemingway, Evan G and O’Reilly, Oliver M},
  journal={Multibody system dynamics},
  volume={44},
  pages={31--56},
  year={2018},
  publisher={Springer}
}

@article{Diebel2006,
  title={Representing attitude: Euler angles, unit quaternions, and rotation vectors},
  author={Diebel, James and others},
  journal={Matrix},
  volume={58},
  number={15-16},
  pages={1--35},
  year={2006}
}

@misc{Adamson2023,
  author = {Adamson, Adrian },
  month = {09},
  title = {Blue Raven User's Guide},
  howpublished = {\url{https://www.apogeerockets.com/downloads/PDFs/09170-blue_raven_users_manual_september_15.pdf}},
  urldate = {2024-04-04},
  year = {2023}
}

@misc{Adamson2023timeseries,
  author = {Adamson, Adrian},
  month = {03},
  title = {Featherweight Blue Raven Development Thread: Recorded time-series data},
  url = {https://www.rocketryforum.com/threads/featherweight-blue-raven-development-thread-recorded-time-series-data.179129/},
  urldate = {2024-05-31},
  year = {2023},
  organization = {Rocketry Forum - Model Rocketry Forums}
}

@inproceedings{Pioneer2016,
  title={Pioneer Rocketry-2016 Midwest Rocket Competition},
  author={Ellenberger, Jake},
  booktitle={Proceedings of the Wisconsin Space Conference},
  year={2016}
}

@article{Atlantis2018,
  title={Student organization for aerospace research Atlantis II. Sounding Rocket},
  author={Martens, J and Cui, X and Alacoque, L and Messinger, T and Hamilton, A and Van der Meulen, W and Deshpande, A},
  journal={SA CUP project technical report},
  year={2018}
}

@article{Welch1995,
  title={An introduction to the Kalman filter},
  author={Welch, Greg and Bishop, Gary and others},
  year={1995},
  publisher={Chapel Hill, NC, USA}
}

@article{kalman1960,
  title={A new approach to linear filtering and prediction problems},
  author={Kalman, Rudolph Emil},
  year={1960}
}

@inproceedings{uORocketry,
  title={An Autonomous Air Braking System for Precision Altitude Control},
  author={Furman, Zach and Beebe, Giles and Bjerknes, Finn and Montgomery, Daniel},
  booktitle={2019 Spaceport America Cup Conference Podium Presentations},
  year={2019}
}

@inproceedings{NTNU,
  title={Apogee Precision With Airbrake Control and SRAD Rocket Simulator},
  author={Dragesund, H and Haddal, T and Holmqvist, P and L{\o}vik, H and Rydningen, E and Sunde, M and Tapley, B and Winter, T},
  booktitle={2019 Spaceport America Cup Conference Podium Presentations},
  year={2019},
}

@article{kalman-apogee,
  title={Application of the Kalman filter to rocket apogee detection},
  author={Schultz, David W},
  journal={NAR Research and Development Report},
  year={2004}
}

@inproceedings{Di2018,
  title={Real-time optimization and model predictive control for aerospace and automotive applications},
  author={Di Cairano, Stefano and Kolmanovsky, Ilya V},
  booktitle={2018 annual American control conference (ACC)},
  pages={2392--2409},
  year={2018},
  organization={IEEE}
}

@article{Dietrich2017,
  title={OSEK-V: application-specific RTOS instantiation in hardware},
  author={Dietrich, Christian and Lohmann, Daniel},
  journal={ACM SIGPLAN Notices},
  volume={52},
  number={5},
  pages={111--120},
  year={2017},
  publisher={ACM New York, NY, USA}
}

@misc{about,
  title = {Open MCT},
  howpublished = {\url{https://github.com/nasa/openmct}},
  urldate = {2024-04-07},
  organization = {nasa.github.io},
  journal = {Github repository},
  author = {NASA}
}

@Misc{Bayesian2014,
    author = {Fernando Nogueira},
    title = {{Bayesian Optimization}: Open source constrained global optimization tool for {Python}},
    year = {2014--},
    url = {\url{https://github.com/bayesian-optimization/BayesianOptimization}}
}

@proceedings{NAR-58,
  author = {Kuzel , Mary  and Wolf , Dan },
  month = {07},
  publisher = {National Association of Rocketry},
  title = {Analysis of Altimeter Performance Using Vacuum Chamber Testing and Sensor Monitoring },
  volume = {58},
  year = {2016},
  organization = {NARAM-58}
}

@proceedings{rocket_telemetry,
  author = {Richards, Darnell and Young, Dayja},
  publisher = {International Foundation for Telemetering},
  title = {Rocket Telemetry - Hardware,  Software Integration and Testing},
  organization = {International Telemetering Conference Proceedings}
}

@proceedings{waxeneggerwilfing_2020,
  author = {Waxenegger-Wilfing, Günther and Dresia, Kai and Oschwald, Michael and Schilling, Klaus},
  month = {10},
  title = { Hardware-In-The-Loop Tests of Complex Control Software for Rocket Propulsion Systems},
  doi = {https://elib.dlr.de/136877/1/IAC2020.pdf},
  url = {https://elib.dlr.de/136877/},
  urldate = {2024-10-24},
  year = {2020},
  organization = {71st International Astronautical Congress, IAC 2020}
}

@inproceedings{HIL_rocket,
  author = {Waxenegger-Wilfing, Günther and Dresia, Kai and Oschwald, M. and Schilling, Klaus},
  year = {2020},
  month = {10},
  pages = {},
  title = {Hardware-In-The-Loop Tests of Complex Control Software for Rocket Propulsion Systems}
}

@inproceedings{HIL,
  author={Bacic, M.},
  booktitle={Proceedings of the 44th IEEE Conference on Decision and Control}, 
  title={On hardware-in-the-loop simulation}, 
  year={2005},
  volume={},
  number={},
  pages={3194-3198},
  keywords={Control system synthesis;Uncertainty;System testing;Stability;Context modeling;Predictive models;Hardware;Control systems;Aerospace simulation;Missiles},
  doi={10.1109/CDC.2005.1582653}
}

